@inproceedings{Chen1991,
author={H.H. Chen},
booktitle=cvpr,
title={A screw motion approach to uniqueness analysis of head-eye geometry},
year=1991,
pages="145--151",
}

@ARTICLE{Dieudonne2010,
author={Dieudonne, Y. and Labbani-Igbida, O. and Petit, F.},
journal={Robotics, IEEE Transactions on}, title={Deterministic Robot-Network Localization is Hard},
year={2010},
month={april },
volume={26},
number={2},
pages={331 -339},
keywords={NP-hard problem;NP-hardness;complexity theory;deterministic robot-network localization;local observations;multirobot localization problem;partition problem;polynomial-time reductions;pose estimation problem;relative observations;computational complexity;multi-robot systems;},
doi={10.1109/TRO.2010.2042753},
ISSN={1552-3098},}

@ARTICLE{Park1994,
author={Park, F.C. and Martin, B.J.},
journal=tra,
title={Robot sensor calibration: solving {$AX\!=\!XB$} on the Euclidean group},
year={1994},
month={oct},
volume={10},
number={5},
pages={717 -721},
keywords={Euclidean group;Lie theory;closed-form exact solution;closed-form least squares solution;robot sensor calibration;wrist-mounted robotic sensors;Lie algebras;Lie groups;calibration;detectors;least squares approximations;matrix algebra;minimisation;robots;},
doi={10.1109/70.326576},
ISSN={1042-296X},}